<?xml version="1.0" encoding="UTF-8"?><collection xmlns="http://www.loc.gov/MARC21/slim"><record><leader>00660nam--2200205-i-4500</leader><controlfield tag="001">000013660</controlfield><controlfield tag="002">20161230</controlfield><controlfield tag="005">20161230201030</controlfield><controlfield tag="008">060222s1000------------r-----000-0-eng-d</controlfield><datafield ind1=" " ind2=" " tag="020"><subfield code="a">3540105867</subfield></datafield><datafield ind1=" " ind2=" " tag="040"><subfield code="a">IFIN-HH</subfield></datafield><datafield ind1=" " ind2=" " tag="080"><subfield code="a">530.1(061.3)</subfield></datafield><datafield ind1="1" ind2=" " tag="100"><subfield code="a">Bernasconi, J</subfield></datafield><datafield ind1="1" ind2="0" tag="245"><subfield code="a">Physics in one dimension</subfield><subfield code="b">Proceedings of an international conference fribourg, switzerland, august 25-29, 1980</subfield><subfield code="c">J. bernasconi, t. schneider (eds.)</subfield></datafield><datafield ind1=" " ind2=" " tag="260"><subfield code="a">Berlin</subfield><subfield code="b">Springer-verlag</subfield><subfield code="c">1981</subfield></datafield><datafield ind1=" " ind2=" " tag="300"><subfield code="a">IX + 368 P</subfield></datafield><datafield ind1=" " ind2=" " tag="490"><subfield code="a">Springer Series In Solid-state Sciences</subfield><subfield code="v">Vol. 23</subfield></datafield><datafield ind1="1" ind2=" " tag="700"><subfield code="a">Schneider, T</subfield><subfield code="e">Ed</subfield></datafield><datafield ind1=" " ind2=" " tag="852"><subfield code="a">46526</subfield><subfield code="c">539.2</subfield></datafield><datafield ind1=" " ind2=" " tag="CAT"><subfield code="a">Sys</subfield><subfield code="c">20121029</subfield><subfield code="h">152416</subfield></datafield></record></collection>